@article{conv_back_proj,
    	author	= "Desai, M.D. and Jenkins, W.K.",
		title		= "Convolution backprojection image reconstruction for spotlight mode synthetic aperture radar",
		year		= "1992",
		journal	= "Image Processing, IEEE Transactions on",
		volume	= 1,
		number	= 4,
		pages		= "505-517"
}

@article{doppler_focussing,
		author	= "Linli Cui and David G. Michelson",
		title		= "Use of Doppler focusing to resolve spatial channels from moving platforms",
		year		= "2014",
		journal	= "Antenna Technology and Applied Electromagnetics (ANTEM), 2014 16th International Symposium on",
		pages		= "1-2"
}

@article{spatial_models_overview,
		author	= "Richard B. Ertel and Paul Cardieri and Kevin W. Sowerby and Theodore S. Rappaport and Jeffrey H. Reed",
		title		= "Overview of Spatial Channel Models for Antenna Array Communication Systems",
		year		= "1998",
		journal	= "IEEE Personal Communications",
		volume	= 5,
		number	= 1,
		pages		= "10-22"
}

@book{bistatic_sar,
		author	= "Andon Dimitrov Lazarov and Todor Pavlov Kostadinov",
		title 	= "{{Bistatic SAR / ISAR / FSR: Theory Algorithms and Program Implementation}}",
		year		= 2013,
		publisher = "John Wiley & Sons, Incorporated",
}

@misc{baseband_generator,
    author    = "Keysight Technologies",
    title     = "{{N5106A PXB Baseband Generator and Channel Emulator}}",
		howpublished = "Retrived from \url{http://www.keysight.com/en/pd-1455099-pn-N5106A/pxb-baseband-generator-and-channel-emulator?&cc=CA&lc=eng
}",
    year      = "2014"
}

@misc{sr550_specs,
	  author 		= "Spirent",
    title     = "{{SR5500 Wireless Channel Emulator}}",
		howpublished = "Retrived from \url{http://www.spirent.com/Products/SR5500}",
    year      = "2014"
}

@techreport{usrp_n200_specs,
    author    = "Ettus Research",
    title     = "{{USRP N200/N210 Networked Series}}",
    institution = "National Instruments",
    year      = "2012",
		address		= "Mountain View, CA, United States"
}

@misc{usrp_292x_specs,
    author    = "National Instruments",
		howpublished = "Retrived from \url{http://sine.ni.com/ds/app/doc/p/id/ds-355/lang/en}",
    title     = "{{NI USRP-292x/293x Datasheet}}",
    year      = "2011",
}

@misc{PRBS,
   author = "Wikipedia",
   title = "{{Pseudorandom binary sequence --- Wikipedia, The Free Encyclopedia}}",
   year = "2014",
   howpublished = "Retrived from \url{http://en.wikipedia.org/w/index.php?title=Pseudorandom_binary_sequence&oldid=618274858}",
 }

@misc{quadrature_sigs,
    author = "Richard Lyons",
    title = "Quadrature Signals: Complex, But Not Complicated",
		howpublished = "Retrived from \url{http://www.dspguru.com/sites/dspguru/files/QuadSignals.pdf}",
		year = "2008",
}

@techreport{CSAC,
    author    = "Microsemi",
    title     = "{{Quantum SA.45s CSAC}}",
    year      = "2014",
		address		= "Aliso Viejo, CA, United States"
}

@misc{PRS10,
    author    = "{{Stanford Research Systems}}",
    title     = "{{PRS10 Rubidium Frequency Standard}}",
    year      = "2014",
		howpublished = "Retrived from \url{http://www.thinksrs.com/downloads/PDFs/Catalog/PRS10c.pdf}",
}

@article{car_to_x,
		author	= "J.Nuckelt and M. Schack and T. Kürner",
		title		= "Deterministic and stochastic channel models implemented in a physical layer simulator for Car-to-X communications",
		year		= "2011",
		journal	= "Advances in Radio Science",
		volume	= 9,
		pages		= "165-171"
}

@article{Ray_tracing,
		author	= "Jorg Nuckelt and Taimoor Abbas and Fredrik Tufvesson and Christoph Mecklenbrauker and Laura Bernado and Thomas Kurner",
		title		= "Comparison of ray tracing and channel-sounder measurements for vehicular communications",
		year		= "2013",
		journal	= "2013 IEEE 77th Vehicular Technology Conference",
		pages		= "1-5"
}

@article{Spectrum_Channel,
		author	= "Hector Reyes and Naima Kaabouch and Wen-Chen Hu",
		title		= "Spectrum Channel Characterization using Delay and Doppler Spread Parameters",
		year		= "2014",
		journal	= "Journal of Communications",
		volume	= 9,
		issue = 3,
		pages		= "234"
}

@misc{PN_Generation,
author = {Giedrius Buracas},
title = {m-sequence generation program},
howpublished = {Retrieved from \url{http://www.mathworks.com/matlabcentral/fileexchange/3083-m-sequence-generation-program}},
year = {2003},
}

@misc{range_res,
    title     = "{{High Range-Resolution Techniques}}",
		key 			= "High Range-Resolution",
    year      = "2014",
		howpublished = "Retrived from \url{http://www.acfr.usyd.edu.au/pdfs/training/sensorSystems/11%20High%20Range-Resolution%20Techniques.pdf}",
}

@Book{Rappaport,
author = {Theodore S. Rappaport},
title = {Wireless Communications: Principles and Practice (2nd Edition)},
publisher = {Prentice Hall},
year = {2002},
OPTkey = {•},
OPTvolume = {•},
OPTnumber = {•},
OPTseries = {•},
OPTaddress = {•},
OPTedition = {•},
OPTmonth = {•},
OPTnote = {•},
OPTannote = {•}
}

@Manual{UPS,
title = {Rocketfish RF-825VA Technical Manual},
key = {Rocketfish},
OPTkey = {•},
OPTauthor = {•},
OPTorganization = {•},
OPTaddress = {•},
OPTedition = {•},
OPTmonth = {•},
OPTyear = {•},
OPTnote = {•},
OPTannote = {•}
}

@Article{Optimal_Sliding_Correlator,
author = {R. J. Pirkl},
title = {Optimal Sliding Correlator Channel Sounder Design},
journal = {IEEE Transactions on Wireless Communications },
year = {2008},
OPTkey = {•},
OPTvolume = {7},
OPTnumber = {•},
OPTpages = {3488-97},
OPTmonth = {9},
OPTnote = {•},
OPTannote = {•}
}

@misc{radio_noise,
author = {International Telecommunication Union},
title = {{Recommendation ITU-R P.372-11}},
year = {2013},
howpublished = "Retrived from \url{http://www.itu.int/dms_pubrec/itu-r/rec/p/R-REC-P.372-11-201309-I!!PDF-E.pdf}",
}

@misc{ssd,
author = {Kingston Technology},
title = {{HyperX 3K SSD}},
year = {2014},
howpublished = "Retrived from \url{http://www.kingston.com/datasheets/sh103s3_en.pdf}",
}

@misc{multi_usrp,
author = {National Instruments},
title = {{2 x 2 MIMO With NI USRP}},
year = {2015},
howpublished = "Retrived from \url{http://www.ni.com/white-paper/13878/en/}",
}

@misc{EVK6,
    author    = {u-blox AG},
    title     = {{EVK-6R u-blox 6 Evaluation Kit with Dead Reckoning User Guide}},
   howpublished = {Retrived from \url{https://www.u-blox.com/images/downloads/Product_Docs/EVK-6R_UserGuide_%28GPS%20G6-EK-10007%29.pdf}},
    year      = {2010},
}

@misc{LEA6,
    author    = {u-blox AG},
    title     = {{LEA-6R-Integration Cosiderations Application Note}},
   howpublished = {Retrived from \url{http://ec-mobile.ru/user_files/File/u-blox/LEA-6R-Integration_ApplicationNote.pdf}},
    year      = {2010},
}

@misc{u-center,
    author    = {u-blox AG},
    title     = {{u-center GNSS evaluation software for Windows User Guide}},
   howpublished = {Retrived from \url{http://www.u-blox.com/images/downloads/Product_Docs/u-Center_UserGuide_%28UBX-13005250%29.pdf}},
    year      = {2015},
}

@misc{hall_sensor,
    author    = {Melexis},
    title     = {{US1881 Hall Latch – High Sensitivity Senor Data Sheet}},
   howpublished = {Retrived from \url{https://www.sparkfun.com/datasheets/Components/General/Hall-US1881EUA.pdf}},
    year      = {2006},
}

@misc{300_usrp,
    author    = {Ettus Research},
    title     = {{USRP X300 and X310X Series}},
   howpublished = {Retrived from \url{http://www.ettus.com/content/files/X300_X310_Spec_Sheet.pdf}},
    year      = "2015",
		address		= "Mountain View, CA, United States"
}

@INPROCEEDINGS{bisar_interferometry,
author={Lopez-Dekker, P. and Merlano, J.C. and Duque, S. and Sanz-Marcos, J. and Aguasca, A. and Mallorqui, J.J.},
booktitle={Geoscience and Remote Sensing Symposium, 2007. IGARSS 2007. IEEE International},
title={{Bistatic SAR interferometry using ENVISAT and a ground based receiver: Experimental results}},
year={2007},
month={July},
pages={107-110},
keywords={radar interferometry;remote sensing by radar;synthetic aperture radar;ENVISAT;ERS-2 satellite;bistatic SAR interferometry;ground based receiver;synthetic interferogram;Digital elevation models;Geometry;Hardware;Interferometry;Radar scattering;Remote sensing;Spatial resolution;Synthetic aperture radar;Testing;Transmitters},
doi={10.1109/IGARSS.2007.4422741},}

@misc{USRP_offset,
    author    = {Matt Ettus},
    title     = {{Fwd: The microsecond time offset between tx and rx bursts are real...}},
   howpublished = {Retrived from \url{http://lists.ettus.com/pipermail/usrp-users_lists.ettus.com/2013-September/007501.html}},
    year      = {2013},
}

@misc{USRP_upsampling,
    author    = {Thomas Tsou},
    title     = {{Fwd: Implementation of openLTE with USRP (device sampling rate and upsampling) }},
   howpublished = {Retrived from \url{http://sourceforge.net/p/openlte/mailman/message/31509022/}},
    year      = {2013},
}


@misc{usrp_n200n210,
    author    = {Ettus Research},
    title     = {{USRP N200/N210 Networked series}},
   howpublished = {Retrived from \url{https://www.ettus.com/content/files/06983_Ettus_N200-210_DS_Flyer_HR_1.pdf}},
    year      = "2012",
		address		= "Mountain View, CA, United States"
}

@misc{usrp_GPSDOtut,
    author    = {Ettus Research},
    title     = {{Global Synchronization and Clock Disciplining with NI USRP-293x Software Defined Radio}},
   howpublished = {Retrived from \url{www.ni.com/tutorial/14705/en/pdf}},
    year      = "2014",
		address		= "Mountain View, CA, United States"
}

@misc{usrp_timesource,
    author    = {Michael E. West },
    title     = {{USRP users question about set clock source and set time source}},
   howpublished = {Retrived from \url{http://lists.ettus.com/pipermail/usrp-users_lists.ettus.com/2013-December/008042.html}},
    year      = {2013}
}

@misc{usrp_timespec,
    author    = {Ettus Research},
    title     = {{USRP Hardware Driver and USRP Manual Time Spec}},
   howpublished = {Retrived from \url{http://files.ettus.com/manual/structuhd_1_1tx__metadata__t.html}},
    year      = {2014}
}
 
@misc{usrp_errors,
    author    = {Ettus Research},
    title     = {{USRP Hardware Driver and USRP Manual Errors}},
   howpublished = {Retrived from \url{http://files.ettus.com/manual/structuhd_1_1async__metadata__t.html}},
    year      = {2014}
}

@misc{USRP_errors2,
    author    = {Ettus Research},
    title     = {{USRP Hardware Driver and USRP Manual Errors Explained}},
   howpublished = {Retrived from \url{http://files.ettus.com/manual/page_general.html}},
    year      = {2014}
}

@misc{usrp_receiverlimit,
    author    = {ErikL},
    title     = {{How to use two antennas receive signal simultaneously}},
   howpublished = {Retrived from \url{http://forums.ni.com/t5/USRP-Software-Radio/How-to-use-two-antennas-receive-signal-simultaneously/td-p/2393866}},
    year      = {2013}
}

@misc{30w_amp,
    author    = {Mini-circuits},
    title     = {{ZHL-30W-252+}},
   howpublished = {Retrived from \url{http://www.minicircuits.com/pdfs/ZHL-30W-252+.pdf}},
    year      = {2015}
}

@misc{usrp_receivetransmit,
    author    = {Sarah Y},
    title     = {{Can a single USRP 2920 transmit (Tx) and receive (Rx) at the same time?}},
   howpublished = {Retrived from \url{http://forums.ni.com/t5/USRP-Software-Radio/Can-a-single-USRP-2920-tansmit-Tx-and-receive-Rx-at-the-same/td-p/1881485}},
    year      = {2012}
}

@misc{NMEA_code,
    author    = {Glenn Baddeley},
    title     = {{GPS - NMEA sentence information}},
   howpublished = {Retrived from \url{http://aprs.gids.nl/nmea/}},
    year      = {2001}
}

@misc{render_pipeline,
    author    = {Microsoft},
    title     = {{Pipeline Stages (Direct3D 10)}},
   howpublished = {Retrived from \url{https://msdn.microsoft.com/en-us/library/windows/desktop/bb205123%28v=vs.85%29.aspx}},
    year      = {2015}
}

